%% Created using Papers on Tue, 04 Sep 2018.
%% http://papersapp.com/papers/

@article{Engelbrecht:2007tt,
author = {Engelbrecht, C J and Greger, K and Reynaud, E G and Kr{\v z}ic, U},
title = {{Three-dimensional laser microsurgery in light-sheet based microscopy (SPIM)}},
journal = {Optics {\ldots}},
year = {2007}
}

@book{Lattner:2004vw,
author = {Lattner, Chris and Adve, Vikram},
title = {{LLVM: A Compilation Framework for Lifelong Program Analysis {\&} Transformation}},
publisher = {IEEE Computer Society},
year = {2004},
month = mar
}

@article{2016PLoSOneEduSPIM,
author = {Jahr, Wiebke and Schmid, Benjamin and Weber, Michael and Huisken, Jan},
title = {{eduSPIM: Light Sheet Microscopy in the Museum.}},
journal = {PLoS ONE},
year = {2016},
volume = {11},
number = {8},
pages = {e0161402--}
}

@article{Wald:2017ee,
author = {Wald, I and Johnson, G P and Amstutz, J and Brownlee, C and Knoll, A and Jeffers, J and Gunther, J and Navratil, P},
title = {{OSPRay - A CPU Ray Tracing Framework for Scientific Visualization.}},
journal = {IEEE Transactions on Visualization and Computer Graphics},
year = {2017},
volume = {23},
number = {1},
pages = {931--940},
month = jan
}

@article{Herrmann:2017bn,
author = {Herrmann, Matthieu and Delile, Julien and ras, Nadine Peyri eacute and Doursat, Ren eacute},
title = {{A cell-based computational model of early embryogenesis coupling mechanical behaviour and gene regulation}},
journal = {Nature Communications},
year = {2017},
volume = {8},
pages = {1--10},
month = jan
}

@booklet{Sutherland:1963kq,
title = {{Sketchpad: A man-machine graphical communication system, MRLincoln Laboratory}},
author = {Sutherland, I C},
year = {1963}
}

@article{Schmid:2010gm,
author = {Schmid, Benjamin and Schindelin, Johannes and Cardona, Albert and Longair, Mark and Heisenberg, Martin},
title = {{A high-level 3D visualization API for Java and ImageJ.}},
journal = {BMC Bioinformatics},
year = {2010},
volume = {11},
number = {1},
pages = {274},
month = may
}

@article{Huisken:2004ky,
author = {Huisken, J},
title = {{Optical Sectioning Deep Inside Live Embryos by Selective Plane Illumination Microscopy}},
journal = {Science},
year = {2004},
volume = {305},
number = {5686},
pages = {1007--1009},
month = aug
}

@article{CruzNeira:1992vt,
author = {Cruz-Neira, C and Sandin, D J and DeFanti, T A},
title = {{The CAVE: audio visual experience automatic virtual environment}},
journal = {Communications of the ACM},
year = {1992}
}

@incollection{Milgram:1995cl,
author = {Milgram, Paul and Takemura, Haruo and Utsumi, Akira and Kishino, Fumio},
title = {{Augmented reality: a class of displays on the reality-virtuality continuum}},
booktitle = {Telemanipulator and Telepresence Technologies},
year = {1995},
editor = {Das, Hari},
pages = {282--293},
publisher = {International Society for Optics and Photonics},
month = dec
}

@inproceedings{Kassner:2014kh,
author = {Kassner, Moritz and Patera, William and Bulling, Andreas},
title = {{Pupil}},
booktitle = {the 2014 ACM International Joint Conference},
year = {2014},
pages = {1151--1160},
publisher = {ACM Press},
address = {New York, New York, USA}
}

@article{Boyden:2005cd,
author = {Boyden, Edward S and Zhang, Feng and Bamberg, Ernst and Nagel, Georg and Deisseroth, Karl},
title = {{Millisecond-timescale, genetically targeted optical control of neural activity.}},
journal = {Nature Neuroscience},
year = {2005},
volume = {8},
number = {9},
pages = {1263--1268},
month = sep
}

@book{Stellmach:2010fo,
author = {Stellmach, Sophie and Nacke, Lennart and Dachselt, Raimund},
title = {{Advanced gaze visualizations for three-dimensional virtual environments}},
publisher = {ACM},
year = {2010},
address = {New York, New York, USA},
month = mar
}

@article{Jang:2017dr,
author = {Jang, Changwon and Bang, Kiseung and Moon, Seokil and Kim, Jonghyun and Lee, Seungjae and Lee, Byoungho},
title = {{Retinal 3D}},
journal = {ACM Transactions on Graphics},
year = {2017},
volume = {36},
number = {6},
pages = {1--13},
month = nov
}

@article{Royer:2016fh,
author = {Royer, Lo{\"\i}c A and Lemon, William C and Chhetri, Raghav K and Wan, Yinan and Coleman, Michael and Myers, Eugene W and Keller, Philipp J},
title = {{Adaptive light-sheet microscopy for long-term, high-resolution imaging in living organisms.}},
journal = {Nature Biotechnology},
year = {2016},
volume = {34},
number = {12},
pages = {1267--1278},
month = dec
}

@article{Gualda:2013gr,
author = {Gualda, Emilio J and Vale, Tiago and Almada, Pedro and Feij{\'o}, Jos{\'e} A and Martins, Gabriel G and Moreno, Nuno},
title = {{OpenSpinMicroscopy: an open-source integrated microscopy platform.}},
journal = {Nature Methods},
year = {2013},
volume = {10},
number = {7},
pages = {599--600},
month = jul
}

@article{Guignard:bi,
author = {Guignard, Leo and Fiuza, Ulla-Maj and Leggio, Bruno and Faure, Emmanuel and Laussu, Julien and Hufnagel, Lars and Malandain, Gregoire and Godin, Christophe and Lemaire, Patrick},
title = {{Contact-dependent cell communications drive morphological invariance during ascidian embryogenesis}}
}

@book{Duchowski:2017ii,
author = {Duchowski, Andrew T},
title = {{Eye Tracking Methodology}},
publisher = {Springer},
year = {2017},
series = {Theory and Practice},
address = {Cham},
month = jun
}

@book{Snowden:2012wu,
author = {Snowden, Robert and Snowden, Robert J and Thompson, Peter and Troscianko, Tom},
title = {{Basic Vision}},
publisher = {Oxford University Press},
year = {2012},
series = {An Introduction to Visual Perception},
month = feb
}

@article{woodward2001powerwall,
author = {Woodward, Paul and Ruwart, T and Porter, D and Edgar, K and Anderson, S and Palmer, M and Cattelan, R and Jacobson, T and Stromberg, J and Varghese, T},
title = {{Powerwall}},
journal = {University of Minnesota},
year = {2001}
}

@article{Wald:2014db,
author = {Wald, Ingo and Woop, Sven and Benthin, Carsten and Johnson, Gregory S and Ernst, Manfred},
title = {{Embree}},
journal = {ACM Transactions on Graphics},
year = {2014},
volume = {33},
number = {4},
pages = {1--8},
month = jul
}

@article{DeFanti:2010cp,
author = {DeFanti, Thomas and Acevedo, Daniel and Ainsworth, Richard and Brown, Maxine and Cutchin, Steven and Dawe, Gregory and Doerr, Kai-Uwe and Johnson, Andrew and Knox, Chris and Kooima, Robert and Kuester, Falko and Leigh, Jason and Long, Lance and Otto, Peter and Petrovic, Vid and Ponto, Kevin and Prudhomme, Andrew and Rao, Ramesh and Renambot, Luc and Sandin, Daniel and Schulze, Jurgen and Smarr, Larry and Srinivasan, Madhu and Weber, Philip and Wickham, Gregory},
title = {{The future of the CAVE}},
journal = {Open Engineering},
year = {2010},
volume = {1},
number = {1},
pages = {1--22},
month = oct
}

@article{Scherf:2015ba,
author = {Scherf, Nico and Huisken, Jan},
title = {{The smart and gentle microscope}},
journal = {Nature Biotechnology},
year = {2015},
volume = {33},
number = {8},
pages = {815--818},
month = aug
}

@article{Robinson:1963wf,
author = {Robinson, D A},
title = {{A Method of Measuring Eye Movement Using a Scleral Search Coil in a Magnetic Field}},
journal = {IEEE transactions on bio-medical engineering},
year = {1963},
volume = {10},
pages = {137--145},
month = oct
}

@article{Harz:1991ff,
author = {Harz, Hartmann and Hegemann, Peter},
title = {{Rhodopsin-regulated calcium currents in Chlamydomonas}},
journal = {Nature},
year = {1991},
volume = {351},
number = {6326},
pages = {489--491},
month = jun
}

@article{Li:2005ha,
author = {Li, Xiang and Gutierrez, Davina V and Hanson, M Gartz and Han, Jing and Mark, Melanie D and Chiel, Hillel and Hegemann, Peter and Landmesser, Lynn T and Herlitze, Stefan},
title = {{Fast noninvasive activation and inhibition of neural and network activity by vertebrate rhodopsin and green algae channelrhodopsin.}},
journal = {Proceedings of the National Academy of Sciences},
year = {2005},
volume = {102},
number = {49},
pages = {17816--17821},
month = dec
}

@article{Chukoskie:cy,
author = {Chukoskie, L and Snider, J and the, MC Mozer Proceedings of and {2013}},
title = {{Learning where to look for a hidden target}},
journal = {National Acad Sciences
}
}

@article{Cheeseman:ia,
author = {Cheeseman, B L and G{\"u}nther, U and Susik, M and bioRxiv, K Gonciarz and {2018}},
title = {{Forget Pixels: Adaptive Particle Representation of Fluorescence Microscopy Images}},
journal = {biorxiv.org
}
}

@article{Wetzstein:2013jo,
author = {Wetzstein, Gordon and Ihrke, Ivo and Heidrich, Wolfgang},
title = {{On Plenoptic Multiplexing and Reconstruction}},
journal = {International Journal of Computer Vision},
year = {2013},
volume = {101},
number = {2},
pages = {384--400},
month = jan
}

@book{Stellmach:2010co,
author = {Stellmach, Sophie and Nacke, Lennart and Dachselt, Raimund},
title = {{3D attentional maps: aggregated gaze visualizations in three-dimensional virtual environments}},
publisher = {ACM},
year = {2010},
series = {aggregated gaze visualizations in three-dimensional virtual environments},
address = {New York, New York, USA},
month = may
}

@inproceedings{vonZadow:2017di,
author = {von Zadow, Ulrich and Dachselt, Raimund},
title = {{GIAnT}},
booktitle = {the 2017 CHI Conference},
year = {2017},
pages = {2639--2647},
publisher = {ACM Press},
address = {New York, New York, USA}
}

@article{Sun:2017ia,
author = {Sun, Qi and Huang, Fu-Chung and Kim, Joohwan and Wei, Li-Yi and Luebke, David and Kaufman, Arie},
title = {{Perceptually-guided foveation for light field displays}},
journal = {ACM Transactions on Graphics},
year = {2017},
volume = {36},
number = {6},
pages = {1--13},
month = nov
}

@article{Edelstein:2010gf,
author = {Edelstein, Arthur and Amodaj, Nenad and Hoover, Karl and Vale, Ron and Stuurman, Nico},
title = {{Computer control of microscopes using {\textmu}Manager.}},
journal = {Current protocols in molecular biology},
year = {2010},
volume = {14},
pages = {Unit14.20--14.20.17},
month = oct
}

@article{Mickoleit:2014bl,
author = {Mickoleit, Michaela and Schmid, Benjamin and Weber, Michael and Fahrbach, Florian O and Hombach, Sonja and Reischauer, Sven and Huisken, Jan},
title = {{High-resolution reconstruction of the beating zebrafish heart.}},
journal = {Nature Methods},
year = {2014},
volume = {11},
number = {9},
pages = {919--922},
month = sep
}

@article{Matejcic:2018hj,
author = {Matej{\v c}i{\'c}, Marija and Salbreux, Guillaume and Norden, Caren},
title = {{A non-cell-autonomous actin redistribution enables isotropic retinal growth}},
journal = {PLoS Biology},
year = {2018},
volume = {16},
number = {8},
pages = {e2006018--29},
month = aug
}

@article{Keren:2010jd,
author = {Keren, Alon S and Yuval-Greenberg, Shlomit and Deouell, Leon Y},
title = {{Saccadic spike potentials in gamma-band EEG: Characterization, detection and suppression}},
journal = {NeuroImage},
year = {2010},
volume = {49},
number = {3},
pages = {2248--2263},
month = feb
}

@article{Jinek:2012hm,
author = {Jinek, Martin and Chylinski, Krzysztof and Fonfara, Ines and Hauer, Michael and Doudna, Jennifer A and Charpentier, Emmanuelle},
title = {{A programmable dual-RNA-guided DNA endonuclease in adaptive bacterial immunity.}},
journal = {Science},
year = {2012},
volume = {337},
number = {6096},
pages = {816--821},
month = aug
}

@article{Pitrone:2013ki,
author = {Pitrone, Peter G and Schindelin, Johannes and Stuyvenberg, Luke and Preibisch, Stephan and Weber, Michael and Eliceiri, Kevin W and Huisken, Jan and Tomancak, Pavel},
title = {{OpenSPIM: an open-access light-sheet microscopy platform}},
journal = {Nature Methods},
year = {2013},
volume = {10},
number = {7},
pages = {598--599}
}

@article{Schindelin:2012ir,
author = {Schindelin, Johannes and Arganda-Carreras, Ignacio and Frise, Erwin and Kaynig, Verena and Longair, Mark and Pietzsch, Tobias and Preibisch, Stephan and Rueden, Curtis and Saalfeld, Stephan and Schmid, Benjamin and Tinevez, Jean-Yves and White, Daniel James and Hartenstein, Volker and Eliceiri, Kevin and Tomancak, Pavel and Cardona, Albert},
title = {{Fiji: an open-source platform for biological-image analysis.}},
journal = {Nature Methods},
year = {2012},
volume = {9},
number = {7},
pages = {676--682},
month = jul
}

@article{Sutherland:1968im,
author = {Sutherland, Ivan E and {1968}},
title = {{A head-mounted three dimensional display}},
journal = {the December 9-11, 1968, fall joint computer conference, part I},
year = {1968},
pages = {757--764},
month = dec
}

@article{AndujarGran:2017wx,
author = {And{\'u}jar Gran, Carlos Antonio and Brunet Crosa, Pere and Vinacua Pla, {\'A}lvaro and Vico Moya, Miguel {\'A}ngel and D{\'\i}az Garc{\'\i}a, Jes{\'u}s},
title = {{A multi-projector CAVE system with commodity hardware and gesture-based interaction}},
year = {2017},
month = jan
}

@article{Papadopoulos:2015bw,
author = {Papadopoulos, Charilaos and Petkov, Kaloian and Kaufman, Arie E and Mueller, Klaus},
title = {{The Reality Deck--an immersive gigapixel display.}},
journal = {IEEE computer graphics and applications},
year = {2015},
volume = {35},
number = {1},
pages = {33--45},
month = jan
}

@inproceedings{Wang:2016fz,
author = {Wang, Quan and Boccanfuso, Laura and Li, Beibin and Ahn, Amy Yeo-jin and Foster, Claire E and Orr, Margaret P and Scassellati, Brian and Shic, Frederick},
title = {{Thermographic eye tracking}},
booktitle = {the Ninth Biennial ACM Symposium},
year = {2016},
pages = {307--310},
publisher = {ACM Press},
address = {New York, New York, USA}
}

@article{Parker:2013hxa,
author = {Parker, Steven G and Humphreys, Greg and McGuire, Morgan and Stich, Martin and Friedrich, Heiko and Luebke, David and Morley, Keith and Bigler, James and Hoberock, Jared and McAllister, David and Robison, Austin and Dietrich, Andreas},
title = {{GPU ray tracing}},
journal = {Communications of the ACM},
year = {2013},
volume = {56},
number = {5},
pages = {93--9},
month = may
}

@book{TaylorII:2001bq,
author = {Taylor II, Russell M and Hudson, Thomas C and Seeger, Adam and Weber, Hans and Juliano, Jeffrey and Helser, Aron T},
title = {{VRPN: a device-independent, network-transparent VR peripheral system}},
publisher = {ACM},
year = {2001},
series = {a device-independent, network-transparent VR peripheral system},
address = {New York, New York, USA},
month = nov
}

@article{Royer:2015tg,
author = {Royer, Loic Alain and Weigert, Martin and Guenther, Ulrik and Maghelli, Nicola and Jug, Florian and Sbalzarini, Ivo F and Myers, Eugene W},
title = {{ClearVolume - open-source live 3D visualisation for light-sheet microscopy}},
journal = {Nature Methods},
year = {2015},
month = may
}

@article{Adrian:1984vv,
author = {Adrian, M and Dubochet, J and Lepault, J and McDowall, A W},
title = {{Cryo-electron microscopy of viruses.}},
journal = {Nature},
year = {1984},
volume = {308},
number = {5954},
pages = {32--36},
month = mar
}

@article{Liu:2018jk,
author = {Liu, Tsung-Li and Upadhyayula, Srigokul and Milkie, Daniel E and Singh, Ved and Wang, Kai and Swinburne, Ian A and Mosaliganti, Kishore R and Collins, Zach M and Hiscock, Tom W and Shea, Jamien and Kohrman, Abraham Q and Medwig, Taylor N and Dambournet, Daphne and Forster, Ryan and Cunniff, Brian and Ruan, Yuan and Yashiro, Hanako and Scholpp, Steffen and Meyerowitz, Elliot M and Hockemeyer, Dirk and Drubin, David G and Martin, Benjamin L and Matus, David Q and Koyama, Minoru and Megason, Sean G and Kirchhausen, Tom and Betzig, Eric},
title = {{Observing the cell in its native state: Imaging subcellular dynamics in multicellular organisms.}},
journal = {Science},
year = {2018},
volume = {360},
number = {6386},
pages = {eaaq1392},
month = apr
}

@incollection{Catmull:1974cf,
author = {Catmull, E and Rom, R},
title = {{A class of local interpolating splines}},
booktitle = {Computer Aided Geometric Design},
year = {1974},
editor = {Barnhill and Reisenfeld},
publisher = {Elsevier}
}

@article{Thomson:2010de,
author = {Thomson},
title = {{Neocortical layer 6, a review}},
journal = {Frontiers in Neuroanatomy},
year = {2010},
volume = {4},
pages = {1--14}
}

@article{Gneo:2012kn,
author = {Gneo, Massimo and Schmid, Maurizio and Conforto, Silvia and D'Alessio, Tommaso},
title = {{A free geometry model-independent neural eye-gaze tracking system.}},
journal = {Journal of neuroengineering and rehabilitation},
year = {2012},
volume = {9},
number = {1},
pages = {82},
month = nov
}

@misc{Heide:1999we,
title = {{Electrooculography: technical standards and applications. The International Federation of Clinical Neurophysiology.}},
author = {Heide, W and Koenig, E and Trillenberg, P and K{\"o}mpf, D and Zee, D S},
year = {1999}
}

@article{Afshar:2016gm,
author = {Afshar, Yaser and Sbalzarini, Ivo F},
title = {{A Parallel Distributed-Memory Particle Method Enables Acquisition-Rate Segmentation of Large Fluorescence Microscopy Images.}},
journal = {PLoS ONE},
year = {2016},
volume = {11},
number = {4},
pages = {e0152528}
}

@article{Huang:2015ce,
author = {Huang, Fu-Chung and Chen, Kevin and Wetzstein, Gordon},
title = {{The light field stereoscope: immersive computer graphics via factored near-eye light field displays with focus cues}},
journal = {ACM Transactions on Graphics (TOG)},
year = {2015},
volume = {34},
number = {4},
pages = {60--60:12},
month = jul
}

@article{Reynaud:2015dx,
author = {Reynaud, Emmanuel G and Peychl, Jan and Huisken, Jan and Tomancak, Pavel},
title = {{Guide to light-sheet microscopy for adventurous biologists.}},
journal = {Nature Methods},
year = {2014},
volume = {12},
number = {1},
pages = {30--34},
month = dec
}

@article{Zimmermann:2016hv,
author = {Zimmermann, Jan and Vazquez, Yuriria and Glimcher, Paul W and Pesaran, Bijan and Louie, Kenway},
title = {{Oculomatic: High speed, reliable, and accurate open-source eye tracking for humans and non-human primates}},
journal = {Journal of Neuroscience Methods},
year = {2016},
volume = {270},
pages = {138--146},
month = sep
}

