%% Created using Papers on Wed, 27 Jun 2018.
%% http://papersapp.com/papers/

@article{Chukoskie:cy,
author = {Chukoskie, L and Snider, J and the, MC Mozer Proceedings of and {2013}},
title = {{Learning where to look for a hidden target}},
journal = {National Acad Sciences
}
}

@book{TaylorII:2001bq,
author = {Taylor II, Russell M and Hudson, Thomas C and Seeger, Adam and Weber, Hans and Juliano, Jeffrey and Helser, Aron T},
title = {{VRPN: a device-independent, network-transparent VR peripheral system}},
publisher = {ACM},
year = {2001},
series = {a device-independent, network-transparent VR peripheral system},
address = {New York, New York, USA},
month = nov
}

@inproceedings{vonZadow:2017di,
author = {von Zadow, Ulrich and Dachselt, Raimund},
title = {{GIAnT}},
booktitle = {the 2017 CHI Conference},
year = {2017},
pages = {2639--2647},
publisher = {ACM Press},
address = {New York, New York, USA}
}

@book{Stellmach:2010co,
author = {Stellmach, Sophie and Nacke, Lennart and Dachselt, Raimund},
title = {{3D attentional maps: aggregated gaze visualizations in three-dimensional virtual environments}},
publisher = {ACM},
year = {2010},
series = {aggregated gaze visualizations in three-dimensional virtual environments},
address = {New York, New York, USA},
month = may
}

@article{Jinek:2012hm,
author = {Jinek, Martin and Chylinski, Krzysztof and Fonfara, Ines and Hauer, Michael and Doudna, Jennifer A and Charpentier, Emmanuelle},
title = {{A programmable dual-RNA-guided DNA endonuclease in adaptive bacterial immunity.}},
journal = {Science},
year = {2012},
volume = {337},
number = {6096},
pages = {816--821},
month = aug
}

@article{Thomson:2010de,
author = {Thomson},
title = {{Neocortical layer 6, a review}},
journal = {Frontiers in Neuroanatomy},
year = {2010},
volume = {4},
pages = {1--14}
}

@article{Huang:2015ce,
author = {Huang, Fu-Chung and Chen, Kevin and Wetzstein, Gordon},
title = {{The light field stereoscope: immersive computer graphics via factored near-eye light field displays with focus cues}},
journal = {ACM Transactions on Graphics (TOG)},
year = {2015},
volume = {34},
number = {4},
pages = {60--60:12},
month = jul
}

@article{Engelbrecht:2007tt,
author = {Engelbrecht, C J and Greger, K and Reynaud, E G and Kr{\v z}ic, U},
title = {{Three-dimensional laser microsurgery in light-sheet based microscopy (SPIM)}},
journal = {Optics {\ldots}},
year = {2007}
}

@article{Li:2005ha,
author = {Li, Xiang and Gutierrez, Davina V and Hanson, M Gartz and Han, Jing and Mark, Melanie D and Chiel, Hillel and Hegemann, Peter and Landmesser, Lynn T and Herlitze, Stefan},
title = {{Fast noninvasive activation and inhibition of neural and network activity by vertebrate rhodopsin and green algae channelrhodopsin.}},
journal = {Proceedings of the National Academy of Sciences},
year = {2005},
volume = {102},
number = {49},
pages = {17816--17821},
month = dec
}

@article{Schindelin:2012ir,
author = {Schindelin, Johannes and Arganda-Carreras, Ignacio and Frise, Erwin and Kaynig, Verena and Longair, Mark and Pietzsch, Tobias and Preibisch, Stephan and Rueden, Curtis and Saalfeld, Stephan and Schmid, Benjamin and Tinevez, Jean-Yves and White, Daniel James and Hartenstein, Volker and Eliceiri, Kevin and Tomancak, Pavel and Cardona, Albert},
title = {{Fiji: an open-source platform for biological-image analysis.}},
journal = {Nature Methods},
year = {2012},
volume = {9},
number = {7},
pages = {676--682},
month = jul
}

@article{Royer:2015tg,
author = {Royer, Loic Alain and Weigert, Martin and Guenther, Ulrik and Maghelli, Nicola and Jug, Florian and Sbalzarini, Ivo F and Myers, Eugene W},
title = {{ClearVolume - open-source live 3D visualisation for light-sheet microscopy}},
journal = {Nature Methods},
year = {2015},
month = may
}

@article{Mickoleit:2014bl,
author = {Mickoleit, Michaela and Schmid, Benjamin and Weber, Michael and Fahrbach, Florian O and Hombach, Sonja and Reischauer, Sven and Huisken, Jan},
title = {{High-resolution reconstruction of the beating zebrafish heart.}},
journal = {Nature Methods},
year = {2014},
volume = {11},
number = {9},
pages = {919--922},
month = sep
}

@article{Liu:2018jk,
author = {Liu, Tsung-Li and Upadhyayula, Srigokul and Milkie, Daniel E and Singh, Ved and Wang, Kai and Swinburne, Ian A and Mosaliganti, Kishore R and Collins, Zach M and Hiscock, Tom W and Shea, Jamien and Kohrman, Abraham Q and Medwig, Taylor N and Dambournet, Daphne and Forster, Ryan and Cunniff, Brian and Ruan, Yuan and Yashiro, Hanako and Scholpp, Steffen and Meyerowitz, Elliot M and Hockemeyer, Dirk and Drubin, David G and Martin, Benjamin L and Matus, David Q and Koyama, Minoru and Megason, Sean G and Kirchhausen, Tom and Betzig, Eric},
title = {{Observing the cell in its native state: Imaging subcellular dynamics in multicellular organisms.}},
journal = {Science},
year = {2018},
volume = {360},
number = {6386},
month = apr
}

@book{Duchowski:2017ii,
author = {Duchowski, Andrew T},
title = {{Eye Tracking Methodology}},
publisher = {Springer},
year = {2017},
series = {Theory and Practice},
address = {Cham},
month = jun
}

@article{CruzNeira:1992vt,
author = {Cruz-Neira, C and Sandin, D J and DeFanti, T A},
title = {{The CAVE: audio visual experience automatic virtual environment}},
journal = {Communications of the ACM},
year = {1992}
}

@article{AndujarGran:2017wx,
author = {And{\'u}jar Gran, Carlos Antonio and Brunet Crosa, Pere and Vinacua Pla, {\'A}lvaro and Vico Moya, Miguel {\'A}ngel and D{\'\i}az Garc{\'\i}a, Jes{\'u}s},
title = {{A multi-projector CAVE system with commodity hardware and gesture-based interaction}},
year = {2017},
month = jan
}

@article{Harz:1991ff,
author = {Harz, Hartmann and Hegemann, Peter},
title = {{Rhodopsin-regulated calcium currents in Chlamydomonas}},
journal = {Nature},
year = {1991},
volume = {351},
number = {6326},
pages = {489--491},
month = jun
}

@article{Jang:2017dr,
author = {Jang, Changwon and Bang, Kiseung and Moon, Seokil and Kim, Jonghyun and Lee, Seungjae and Lee, Byoungho},
title = {{Retinal 3D}},
journal = {ACM Transactions on Graphics},
year = {2017},
volume = {36},
number = {6},
pages = {1--13},
month = nov
}

@book{Snowden:2012wu,
author = {Snowden, Robert and Snowden, Robert J and Thompson, Peter and Troscianko, Tom},
title = {{Basic Vision}},
publisher = {Oxford University Press},
year = {2012},
series = {An Introduction to Visual Perception},
month = feb
}

@book{Stellmach:2010fo,
author = {Stellmach, Sophie and Nacke, Lennart and Dachselt, Raimund},
title = {{Advanced gaze visualizations for three-dimensional virtual environments}},
publisher = {ACM},
year = {2010},
address = {New York, New York, USA},
month = mar
}

@article{Afshar:2016gm,
author = {Afshar, Yaser and Sbalzarini, Ivo F},
title = {{A Parallel Distributed-Memory Particle Method Enables Acquisition-Rate Segmentation of Large Fluorescence Microscopy Images.}},
journal = {PLoS ONE},
year = {2016},
volume = {11},
number = {4},
pages = {e0152528}
}

@article{Reynaud:2015dx,
author = {Reynaud, Emmanuel G and Peychl, Jan and Huisken, Jan and Tomancak, Pavel},
title = {{Guide to light-sheet microscopy for adventurous biologists.}},
journal = {Nature Methods},
year = {2014},
volume = {12},
number = {1},
pages = {30--34},
month = dec
}

@incollection{Milgram:1995cl,
author = {Milgram, Paul and Takemura, Haruo and Utsumi, Akira and Kishino, Fumio},
title = {{Augmented reality: a class of displays on the reality-virtuality continuum}},
booktitle = {Telemanipulator and Telepresence Technologies},
year = {1995},
editor = {Das, Hari},
pages = {282--293},
publisher = {International Society for Optics and Photonics},
month = dec
}

@booklet{Sutherland:1963kq,
title = {{Sketchpad: A man-machine graphical communication system, MRLincoln Laboratory}},
author = {Sutherland, I C},
year = {1963}
}

@article{Sutherland:1968im,
author = {Sutherland, Ivan E and {1968}},
title = {{A head-mounted three dimensional display}},
journal = {the December 9-11, 1968, fall joint computer conference, part I},
year = {1968},
pages = {757--764},
month = dec
}

@article{Cheeseman:ia,
author = {Cheeseman, B L and G{\"u}nther, U and Susik, M and bioRxiv, K Gonciarz and {2018}},
title = {{Forget Pixels: Adaptive Particle Representation of Fluorescence Microscopy Images}},
journal = {biorxiv.org
}
}

@article{Sun:2017ia,
author = {Sun, Qi and Huang, Fu-Chung and Kim, Joohwan and Wei, Li-Yi and Luebke, David and Kaufman, Arie},
title = {{Perceptually-guided foveation for light field displays}},
journal = {ACM Transactions on Graphics},
year = {2017},
volume = {36},
number = {6},
pages = {1--13},
month = nov
}

@article{Huisken:2004ky,
author = {Huisken, J},
title = {{Optical Sectioning Deep Inside Live Embryos by Selective Plane Illumination Microscopy}},
journal = {Science},
year = {2004},
volume = {305},
number = {5686},
pages = {1007--1009},
month = aug
}

@inproceedings{Kassner:2014kh,
author = {Kassner, Moritz and Patera, William and Bulling, Andreas},
title = {{Pupil}},
booktitle = {the 2014 ACM International Joint Conference},
year = {2014},
pages = {1151--1160},
publisher = {ACM Press},
address = {New York, New York, USA}
}

@article{DeFanti:2010cp,
author = {DeFanti, Thomas and Acevedo, Daniel and Ainsworth, Richard and Brown, Maxine and Cutchin, Steven and Dawe, Gregory and Doerr, Kai-Uwe and Johnson, Andrew and Knox, Chris and Kooima, Robert and Kuester, Falko and Leigh, Jason and Long, Lance and Otto, Peter and Petrovic, Vid and Ponto, Kevin and Prudhomme, Andrew and Rao, Ramesh and Renambot, Luc and Sandin, Daniel and Schulze, Jurgen and Smarr, Larry and Srinivasan, Madhu and Weber, Philip and Wickham, Gregory},
title = {{The future of the CAVE}},
journal = {Open Engineering},
year = {2010},
volume = {1},
number = {1},
pages = {1--22},
month = oct
}

@article{Adrian:1984vv,
author = {Adrian, M and Dubochet, J and Lepault, J and McDowall, A W},
title = {{Cryo-electron microscopy of viruses.}},
journal = {Nature},
year = {1984},
volume = {308},
number = {5954},
pages = {32--36},
month = mar
}

@article{Boyden:2005cd,
author = {Boyden, Edward S and Zhang, Feng and Bamberg, Ernst and Nagel, Georg and Deisseroth, Karl},
title = {{Millisecond-timescale, genetically targeted optical control of neural activity.}},
journal = {Nature Neuroscience},
year = {2005},
volume = {8},
number = {9},
pages = {1263--1268},
month = sep
}

